<record><leader>00000cas a22000007a 4500</leader><controlfield tag="001">13317267</controlfield><controlfield tag="008">860320d18471872lauwr ne      0    0eng d</controlfield><datafield ind1=" " ind2=" " tag="010"><subfield code="a">sn 86079112 </subfield></datafield><datafield ind1=" " ind2=" " tag="040"><subfield code="a">NPU</subfield><subfield code="b">eng</subfield><subfield code="c">NPU</subfield><subfield code="d">NPX</subfield><subfield code="d">PPM</subfield><subfield code="d">LNP</subfield><subfield code="d">MGN</subfield><subfield code="d">LNP</subfield><subfield code="d">OCLCQ</subfield><subfield code="d">OCLCO</subfield></datafield><datafield ind1="1" ind2=" " tag="029"><subfield code="a">AU@</subfield><subfield code="b">000024640712</subfield></datafield><datafield ind1="0" ind2=" " tag="041"><subfield code="a">engfre</subfield></datafield><datafield ind1=" " ind2=" " tag="042"><subfield code="a">msc</subfield></datafield><datafield ind1=" " ind2=" " tag="043"><subfield code="a">n-us-la</subfield></datafield><datafield ind1="0" ind2="4" tag="245"><subfield code="a">The Pointe Coupe&#769;e echo.</subfield></datafield><datafield ind1="3" ind2="0" tag="246"><subfield code="a">Echo de la Pointe Coupe&#769;e</subfield></datafield><datafield ind1=" " ind2=" " tag="260"><subfield code="a">Pointe Coupee, La. :</subfield><subfield code="b">Joseph Jewell</subfield></datafield><datafield ind1=" " ind2=" " tag="300"><subfield code="a">v. ;</subfield><subfield code="c">58 cm.</subfield></datafield><datafield ind1=" " ind2=" " tag="310"><subfield code="a">Weekly</subfield></datafield><datafield ind1="1" ind2=" " tag="362"><subfield code="a">Began July 3, 1847; ceased Aug. 3, 1872?</subfield></datafield><datafield ind1=" " ind2=" " tag="500"><subfield code="a">Published with an additional masthead in French: L'Echo de la Pointe Coupe&#769;e.</subfield></datafield><datafield ind1=" " ind2=" " tag="500"><subfield code="a">Published in Port Hudson, &lt;Apr. 15, 1868&gt;.</subfield></datafield><datafield ind1=" " ind2=" " tag="546"><subfield code="a">In English and French.</subfield></datafield><datafield ind1=" " ind2=" " tag="588"><subfield code="a">Description based on: Vol. 1, no. 41 (Apr. 8, 1848).</subfield></datafield><datafield ind1=" " ind2="0" tag="651"><subfield code="a">Pointe Coupee (La.)</subfield><subfield code="v">Newspapers.</subfield></datafield><datafield ind1=" " ind2="0" tag="651"><subfield code="a">Port Hudson (La.)</subfield><subfield code="v">Newspapers.</subfield></datafield><datafield ind1=" " ind2=" " tag="752"><subfield code="a">United States</subfield><subfield code="b">Louisiana</subfield><subfield code="c">Pointe Coupee</subfield><subfield code="d">Pointe Coupee.</subfield></datafield><datafield ind1=" " ind2=" " tag="752"><subfield code="a">United States</subfield><subfield code="b">Louisiana</subfield><subfield code="c">East Baton Rouge</subfield><subfield code="d">Port Hudson.</subfield></datafield></record>